@article {aav2002intro,
    AUTHOR = {Aavatsmark, Ivar},
     TITLE = {An introduction to multipoint flux approximations for
              quadrilateral grids},
      NOTE = {Locally conservative numerical methods for flow in porous
              media},
   JOURNAL = {Comput. Geosci.},
  FJOURNAL = {Computational Geosciences},
    VOLUME = {6},
      YEAR = {2002},
    NUMBER = {3-4},
     PAGES = {405--432},
      ISSN = {1420-0597},
   MRCLASS = {76M25 (65N06 76S05)},
  MRNUMBER = {1956024},
       DOI = {10.1023/A:1021291114475},
       URL = {http://dx.doi.org/10.1023/A:1021291114475},
}
	
%aav
@article{aav-96-dis,
 author = {Aavatsmark, I.  and  Barkve, T. and  Boe, O. and  Mannseth, T.},
 title = {Discretization on non-orthogonal, quadrilateral grids for inhomogeneous, anisotropic media},
 journal = {J. Comput. Phys.},
 volume = {127},
 number = {1},
 year = {1996},
 issn = {0021-9991},
 pages = {2--14},
 doi = {http://dx.doi.org/10.1006/jcph.1996.0154},
 publisher = {Academic Press Professional, Inc.},
 address = {San Diego, CA, USA},
}


%aav2{aav-98-ani,
@article {aav-98-disII,
    AUTHOR = {Aavatsmark, I. and Barkve, T. and Boe, O. and Mannseth, T.},
     TITLE = {Discretization on unstructured grids for inhomogeneous,
              anisotropic media. {II}. {D}iscussion and numerical results},
   JOURNAL = {SIAM J. Sci. Comput.},
  FJOURNAL = {SIAM Journal on Scientific Computing},
    VOLUME = {19},
      YEAR = {1998},
    NUMBER = {5},
     PAGES = {1717--1736 (electronic)},
      ISSN = {1064-8275},
   MRCLASS = {65M60 (76M25)},
  MRNUMBER = {MR1611742 (99f:65139)},
MRREVIEWER = {Andrei I. Tolstykh},
       DOI = {10.1137/S1064827595293594},
       URL = {http://dx.doi.org/10.1137/S1064827595293594},
}
 
%aav1
@ARTICLE{aav-98-dis,
author       = "Aavatsmark, I. and Barkve,  T. and Boe, O. and Mannseth, T.",
title        = "Discretization on
unstructured grids for inhomogeneous, anisotropic media. Part I:
Derivation of the methods",
journal      = " SIAM Journal on Sc.  Comp.",
publisher    = "",
volume       = "19",
number       = "",
year         = "1998",
pages        = "1700--1716",
}



@incollection {aav-06-mpfa,
    AUTHOR = {Aavatsmark, Ivar and Eigestad, Geir Terje and Klausen, Runhild
              Aae},
     TITLE = {Numerical convergence of the {MPFA} {O}-method for general
              quadrilateral grids in two and three dimensions},
 BOOKTITLE = {Compatible spatial discretizations},
    SERIES = {IMA Vol. Math. Appl.},
    VOLUME = {142},
     PAGES = {1--21},
 PUBLISHER = {Springer, New York},
      YEAR = {2006},
   MRCLASS = {65M06 (35J25 76M25 76S05)},
  MRNUMBER = {2249343 (2008f:65134)},
       DOI = {10.1007/0-387-38034-5_1},
       URL = {http://dx.doi.org/10.1007/0-387-38034-5_1},
}
		

@article {aav-07-mpfa,
    AUTHOR = {Aavatsmark, I. and Eigestad, G. T. and Klausen, R. A. and
              Wheeler, M. F. and Yotov, I.},
     TITLE = {Convergence of a symmetric {MPFA} method on quadrilateral
              grids},
   JOURNAL = {Comput. Geosci.},
  FJOURNAL = {Computational Geosciences},
    VOLUME = {11},
      YEAR = {2007},
    NUMBER = {4},
     PAGES = {333--345},
      ISSN = {1420-0597},
   MRCLASS = {76M25 (65N30 76S05)},
  MRNUMBER = {2361457 (2008h:76036)},
       DOI = {10.1007/s10596-007-9056-8},
       URL = {http://dx.doi.org/10.1007/s10596-007-9056-8},
}
	

@article{aav-03-well,
    AUTHOR = { Aavatsmark, I.  and Klausen,  R.A. },
     TITLE = {Well index in reservoir simulation for slanted and slightly curved wells in {3D} grids},
   JOURNAL = {SPE Journal},
  FJOURNAL = {SPE Journal},
    VOLUME = {8},
      YEAR = {2003},
     PAGES = {41-48},
 }

@article {AGE10,
    AUTHOR = {Ag{\'e}las, L. and Di Pietro, D. A. and Droniou,
              J.},
     TITLE = {The {G} method for heterogeneous anisotropic diffusion on
              general meshes},
   JOURNAL = {M2AN Math. Model. Numer. Anal.},
  FJOURNAL = {M2AN. Mathematical Modelling and Numerical Analysis},
    VOLUME = {44},
      YEAR = {2010},
    NUMBER = {4},
     PAGES = {597--625},
}



@article {age-con-08,
    AUTHOR = {Ag\'elas, Leo and Masson, Roland},
     TITLE = {Convergence of the finite volume {MPFA} {O} scheme for
              heterogeneous anisotropic diffusion problems on general
              meshes},
   JOURNAL = {C. R. Math. Acad. Sci. Paris},
  FJOURNAL = {Comptes Rendus Math\'ematique. Acad\'emie des Sciences. Paris},
    VOLUME = {346},
      YEAR = {2008},
    NUMBER = {17-18},
     PAGES = {1007--1012},
      ISSN = {1631-073X},
   MRCLASS = {65N06},
  MRNUMBER = {MR2449646},
}


@inproceedings{YD14,
year={2014},
booktitle={Finite Volumes for Complex Applications VII-Methods and Theoretical Aspects},
volume={77},
editor={Fuhrmann, J. and Ohlberger, M. and Rohde, C.},
title={Gradient Schemes for an Obstacle Problem},
publisher={Springer International Publishing},
author={Alnashri, Y. and Droniou, J.},
pages={67-75},
}


@article{YD15,
	TITLE	=	{Gradient schemes for the {S}ignorini and the obstacle problems,
and application to hybrid mimetic mixed methods},
	AUTHOR = {Alnashri, Yahya and Droniou, J\'er\^ome},
	YEAR  = {2016},
	JOURNAL = {Computers and Mathematics with Applications},
	PAGES = {2788-2807},
	volume={72},
	DOI={10.1016/j.camwa.2016.10.004},
}


@article {amann,
    AUTHOR = {Amann, Herbert},
     TITLE = {Compact embeddings of vector-valued {S}obolev and {B}esov
              spaces},
      NOTE = {Dedicated to the memory of Branko Najman},
   JOURNAL = {Glas. Mat. Ser. III},
  FJOURNAL = {Glasnik Matemati\v cki. Serija III},
    VOLUME = {35(55)},
      YEAR = {2000},
    NUMBER = {1},
     PAGES = {161--177},
      ISSN = {0017-095X},
     CODEN = {GLMAB2},
   MRCLASS = {46E40 (46E35 46M35)},
  MRNUMBER = {1783238 (2001h:46056)},
MRREVIEWER = {J. Horv{\'a}th},
}

@book {AGS,
    AUTHOR = {Ambrosio, Luigi and Gigli, Nicola and Savar\'e, Giuseppe},
     TITLE = {Gradient flows in metric spaces and in the space of
              probability measures},
    SERIES = {Lectures in Mathematics ETH Z\"urich},
 PUBLISHER = {Birkh\"auser Verlag, Basel},
      YEAR = {2005},
     PAGES = {viii+333},
      ISBN = {978-3-7643-2428-5; 3-7643-2428-7},
   MRCLASS = {49-02 (28A33 35K55 35K90 49Q20 60B10)},
  MRNUMBER = {2129498},
}


@article {and-13-ddf,
    AUTHOR = {Andreianov, Boris and Bendahmane, Mostafa and Hubert,
              Florence},
     TITLE = {On 3{D} {DDFV} discretization of gradient and divergence
              operators: discrete functional analysis tools and applications
              to degenerate parabolic problems},
   JOURNAL = {Comput. Methods Appl. Math.},
  FJOURNAL = {Computational Methods in Applied Mathematics},
    VOLUME = {13},
      YEAR = {2013},
    NUMBER = {4},
     PAGES = {369--410},
      ISSN = {1609-4840},
   MRCLASS = {65M08 (65M12)},
  MRNUMBER = {3107353},
MRREVIEWER = {Fausto Cavalli},
       DOI = {10.1515/cmam-2013-0011},
       URL = {http://dx.doi.org/10.1515/cmam-2013-0011},
}

@article {and-12-ddf,
    AUTHOR = {Andreianov, Boris and Bendahmane, Mostafa and Hubert, Florence
              and Krell, Stella},
     TITLE = {On 3{D} {DDFV} discretization of gradient and divergence
              operators. {I}. {M}eshing, operators and discrete duality},
   JOURNAL = {IMA J. Numer. Anal.},
  FJOURNAL = {IMA Journal of Numerical Analysis},
    VOLUME = {32},
      YEAR = {2012},
    NUMBER = {4},
     PAGES = {1574--1603},
      ISSN = {0272-4979},
   MRCLASS = {65N08 (65N50)},
  MRNUMBER = {2991838},
       DOI = {10.1093/imanum/drr046},
       URL = {http://dx.doi.org/10.1093/imanum/drr046},
}


@article {and-07-dis,
    AUTHOR = {Andreianov, B. and Boyer, F. and Hubert, F.},
     TITLE = {Discrete duality finite volume schemes for
              {L}eray-{L}ions-type elliptic problems on general 2{D} meshes},
   JOURNAL = {Numer. Methods Partial Differential Equations},
  FJOURNAL = {Numerical Methods for Partial Differential Equations. An
              International Journal},
    VOLUME = {23},
      YEAR = {2007},
    NUMBER = {1},
     PAGES = {145--195},
      ISSN = {0749-159X},
   MRCLASS = {65N06 (35J25 35J60)},
  MRNUMBER = {MR2275464},
}

@article{arnold1985mixed,
  title={Mixed and conforming finite element methods; implementation, postprocessing and error estimates},
  author={Arnold, Douglas N and Brezzi, Franco},
  journal={Mod{\'e}lisation math{\'e}matique et analyse num{\'e}rique},
  volume={19},
  number={1},
  pages={7--32},
  year={1985},
  publisher={EDP Sciences}
}

@article {arnold2001uni,
    AUTHOR = {Arnold, Douglas N. and Brezzi, Franco and Cockburn, Bernardo
              and Marini, L. Donatella},
     TITLE = {Unified analysis of discontinuous {G}alerkin methods for
              elliptic problems},
   JOURNAL = {SIAM J. Numer. Anal.},
  FJOURNAL = {SIAM Journal on Numerical Analysis},
    VOLUME = {39},
      YEAR = {2001/02},
    NUMBER = {5},
     PAGES = {1749--1779},
      ISSN = {0036-1429},
     CODEN = {SJNAAM},
   MRCLASS = {65N30},
  MRNUMBER = {1885715},
       DOI = {10.1137/S0036142901384162},
       URL = {https://dx-doi-org.fennec.u-pem.fr/10.1137/S0036142901384162},
}

@book {ABM06,
    AUTHOR = {Attouch, H. and Buttazzo, G. and Michaille, G.},
     TITLE = {Variational analysis in {S}obolev and {BV} spaces},
    SERIES = {MPS/SIAM Series on Optimization},
    VOLUME = {6},
 PUBLISHER = {Society for Industrial and Applied Mathematics (SIAM),
              Philadelphia, PA; Mathematical Programming Society (MPS),
              Philadelphia, PA},
      YEAR = {2006},
     PAGES = {xii+634},
}

@Article{Ayuso-de-Dios.Lipnikov.ea:16,
  author	= {Ayuso de Dios, B. and Lipnikov, K. and Manzini, G.},
  title		= {The nonconforming virtual element method},
  journal	= {ESAIM: Math. Model Numer. Anal.},
  volume	= {50},
  number	= {3},
  pages		= {879--904},
  year		= {2016}
}

@article {barliu,
    AUTHOR = {Barrett, John W. and Liu, W. B.},
     TITLE = {Quasi-norm error bounds for the finite element approximation
              of a non-{N}ewtonian flow},
   JOURNAL = {Numer. Math.},
  FJOURNAL = {Numerische Mathematik},
    VOLUME = {68},
      YEAR = {1994},
    NUMBER = {4},
     PAGES = {437--456},
      ISSN = {0029-599X},
     CODEN = {NUMMA7},
   MRCLASS = {65N30 (65N15 76A05 76M10)},
  MRNUMBER = {1301740 (95h:65078)},
MRREVIEWER = {G. W. Hedstrom},
       DOI = {10.1007/s002110050071},
       URL = {https://dx-doi-org.fennec.u-pem.fr/10.1007/s002110050071},
}

@Article{VEM,
  author	= {Beir\~{a}o da Veiga, L. and Brezzi, F. and Cangiani, A.
		  and Manzini, G. and Marini, L. D. and Russo, A.},
  title		= {Basic principles of virtual element methods},
  journal	= {Math. Models Methods Appl. Sci. (M3AS)},
  number	= {23},
  volume	= {199},
  year		= {2013},
  pages		= {199--214}
}

@article {BDM10,
	keywords={article},
    AUTHOR = {Beir{\~a}o da Veiga, Lourenco and Droniou, J{\'e}r{\^o}me and Manzini,
              Gianmarco},
     TITLE = {A unified approach for handling convection terms in finite
              volumes and mimetic discretization methods for elliptic
              problems},
   JOURNAL = {{IMA} {J}. {N}umer. {A}nal.},
  FJOURNAL = {IMA Journal of Numerical Analysis},
    VOLUME = {31},
      YEAR = {2011},
    NUMBER = {4},
     PAGES = {1357--1401},
      ISSN = {0272-4979},
     CODEN = {IJNADN},
   MRCLASS = {65N08 (65N12 65N15)},
  MRNUMBER = {2846759 (2012j:65370)},
MRREVIEWER = {Atsushi Kadoya},
       DOI = {10.1093/imanum/drq018},
       URL = {http://dx.doi.org/10.1093/imanum/drq018},
}


@article{pelletier,
  title={The {S}tefan problem with heating: appearance and disappearance of a mushy region},
  author={Bertsch, M. and De Mottoni, P. and Peletier, LA},
  journal={Trans. Amer. Math. Soc},
  volume={293},
  pages={677--691},
  year={1986}
}

@article {bkp85, 
AUTHOR = {Bertsch, M. and Kersner, R. and Peletier, L. A.}, 
TITLE = {Positivity versus localization in degenerate diffusion equations}, 
JOURNAL = {Nonlinear Anal.},
VOLUME = {9}, 
YEAR = {1985}, 
NUMBER = {9}, 
PAGES = {987--1008}
}


@article {bessemoulin2015inequalities,
    AUTHOR = {Bessemoulin-Chatard, Marianne and Chainais-Hillairet, Claire
              and Filbet, Francis},
     TITLE = {On discrete functional inequalities for some finite volume
              schemes},
   JOURNAL = {IMA J. Numer. Anal.},
  FJOURNAL = {IMA Journal of Numerical Analysis},
    VOLUME = {35},
      YEAR = {2015},
    NUMBER = {3},
     PAGES = {1125--1149},
      ISSN = {0272-4979},
   MRCLASS = {65N08 (35A23 65N12)},
  MRNUMBER = {3407256},
       DOI = {10.1093/imanum/dru032},
       URL = {http://dx.doi.org/10.1093/imanum/dru032},
}

@phdthesis{phdbonelle,
	author	=	{Bonelle, J.},
	title	=	{Compatible {D}iscrete {O}perator schemes on polyhedral meshes for
elliptic and {S}tokes equations},
	school	=	{University of Paris-Est},
	year	=	{2014},
}

@article {EB14,
    AUTHOR = {Bonelle, J{\'e}r{\^o}me and Ern, Alexandre},
     TITLE = {Analysis of compatible discrete operator schemes for elliptic
              problems on polyhedral meshes},
   JOURNAL = {ESAIM Math. Model. Numer. Anal.},
    VOLUME = {48},
      YEAR = {2014},
    NUMBER = {2},
     PAGES = {553--581},
}

@article {boy-08-ddf,
    AUTHOR = {Boyer, Franck and Hubert, Florence},
     TITLE = {Finite volume method for 2{D} linear and nonlinear elliptic
              problems with discontinuities},
   JOURNAL = {SIAM J. Numer. Anal.},
  FJOURNAL = {SIAM Journal on Numerical Analysis},
    VOLUME = {46},
      YEAR = {2008},
    NUMBER = {6},
     PAGES = {3032--3070},
      ISSN = {0036-1429},
   MRCLASS = {65N06 (35J25 35J60 65N15 74S10 76M12)},
  MRNUMBER = {2439501},
MRREVIEWER = {Jean-Fran\~A\S ois Coulombel},
       DOI = {10.1137/060666196},
       URL = {http://dx.doi.org/10.1137/060666196},
}

@article{boy-08-fin,
author = {Boyer, F. and  Hubert, F.},
collaboration = {},
title = {Finite Volume Method for 2{D} Linear and Nonlinear Elliptic Problems with Discontinuities},
publisher = {SIAM},
year = {2008},
journal = {SIAM Journal on Numerical Analysis},
volume = {46},
number = {6},
pages = {3032-3070},
keywords = {finite volume schemes; discontinuous coefficients; nonlinear elliptic problems},
url = {http://link.aip.org/link/?SNA/46/3032/1},
doi = {10.1137/060666196}
}

@book {BRA07,
    AUTHOR = {Braess, Dietrich},
     TITLE = {Finite elements},
   EDITION = {Third},
      NOTE = {Theory, fast solvers, and applications in elasticity theory,
              Translated from the German by Larry L. Schumaker},
PUBLISHER = {Cambridge University Press, Cambridge},
      YEAR = {2007},
     PAGES = {xviii+365},
      ISBN = {978-0-521-70518-9},
   MRCLASS = {65N30 (65-02 74S05)},
  MRNUMBER = {2322235 (2008b:65142)},
       DOI = {10.1017/CBO9780511618635},
       URL = {http://dx.doi.org/10.1017/CBO9780511618635},
}

@article {brenner2007weak,
    AUTHOR = {Brenner, Susanne C. and Owens, Luke},
     TITLE = {A weakly over-penalized non-symmetric interior penalty method},
   JOURNAL = {JNAIAM J. Numer. Anal. Ind. Appl. Math.},
  FJOURNAL = {JNAIAM. Journal of Numerical Analysis, Industrial and Applied
              Mathematics},
    VOLUME = {2},
      YEAR = {2007},
    NUMBER = {1-2},
     PAGES = {35--48},
      ISSN = {1790-8140},
   MRCLASS = {65N30 (49M30)},
  MRNUMBER = {2332345},
MRREVIEWER = {J\'an Lov\'\i \v sek},
}

@book {brenner-scott:08,
    AUTHOR = {Brenner, S. C. and Scott, L. R.},
     TITLE = {The mathematical theory of finite element methods},
    SERIES = {Texts in Applied Mathematics},
    VOLUME = {15},
   EDITION = {Third},
 PUBLISHER = {Springer, New York},
      YEAR = {2008},
     PAGES = {xviii+397},
}

@book {brezis,
    AUTHOR = {Brezis, Haim},
     TITLE = {Functional analysis, {S}obolev spaces and partial differential
              equations},
    SERIES = {Universitext},
 PUBLISHER = {Springer},
   ADDRESS = {New York},
      YEAR = {2011},
     PAGES = {xiv+599},
      ISBN = {978-0-387-70913-0},
   MRCLASS = {35-01 (46-01 46E35 46N20 47F05)},
  MRNUMBER = {2759829 (2012a:35002)},
MRREVIEWER = {Vicen{\c{t}}iu R{\u{a}}dulescu},
}

@article{BBL09,
    AUTHOR = {Brezzi, F. and Buffa, A. and Lipnikov, K.},
     TITLE = {Mimetic finite differences for elliptic problems},
   JOURNAL = {M2AN Math. Model. Numer. Anal.},
  FJOURNAL = {M2AN. Mathematical Modelling and Numerical Analysis},
    VOLUME = {43},
      YEAR = {2009},
    NUMBER = {2},
     PAGES = {277--295},
      ISSN = {0764-583X},
   MRCLASS = {65N06},
  MRNUMBER = {2512497 (2010d:65285)},
       DOI = {10.1051/m2an:2008046},
       URL = {http://dx.doi.org/10.1051/m2an:2008046},
}

@article{bre-05-con,
author={Brezzi, F. and Lipnikov, K. and Shashkov, M.},
title={Convergence of the mimetic finite difference method for diffusion
    problems on polyhedral meshes.},
language="English",
journal="SIAM J. Numer. Anal. ",
volume="43",
number="5",
pages="1872-1896",
year="2005",
}

@article {bre-05-fam,
    AUTHOR = {Brezzi, F. and Lipnikov, K. and Simoncini, V.},
     TITLE = {A family of mimetic finite difference methods on polygonal and
              polyhedral meshes},
   JOURNAL = {Math. Models Methods Appl. Sci.},
  FJOURNAL = {Mathematical Models \& Methods in Applied Sciences},
    VOLUME = {15},
      YEAR = {2005},
    NUMBER = {10},
     PAGES = {1533--1551},
      ISSN = {0218-2025},
   MRCLASS = {65N06 (65N12)},
  MRNUMBER = {MR2168945 (2006i:65172)},
MRREVIEWER = {Bo{\v{s}}ko S. Jovanovi{\'c}},
}

@Article{         Cangiani.Manzini.Sutton:16,
  author        = {Cangiani, A. and Manzini, G. and Sutton, O.~J.},
  title         = {Conforming and nonconforming virtual element methods for elliptic problems},
  journal       = {IMA J. Numer. Anal.},
  volume        = {37},
  number        = {3},
  pages         = {1317--1354},
  year          = {2017}
}

@Article{Cangiani-Manzini-Russo:SINUM:2009,
  author      = {Cangiani, A. and Manzini, G. and Russo, A.},
  title       = {Convergence analysis of a mimetic finite difference
                 method for general second-order elliptic problems},
  pages       = {2612-2637},
  number      = {4},
  volume      = {47},
  year        = {2009},
  fjournal    = {SIAM Journal on Numerical Analysis},
  journal     = {SIAM J. Numer. Anal.},
}

@article{CBBE16,
  author    = {Pierre Cantin and
               J{\'{e}}r{\^{o}}me Bonelle and
               Erik Burman and
               Alexandre Ern},
  title     = {A vertex-based scheme on polyhedral meshes for advection-reaction
               equations with sub-mesh stabilization},
  journal   = {Computers {\&} Mathematics with Applications},
  volume    = {72},
  number    = {9},
  pages     = {2057--2071},
  year      = {2016},
  url       = {https://doi.org/10.1016/j.camwa.2016.07.038},
  doi       = {10.1016/j.camwa.2016.07.038},
  timestamp = {Sun, 28 May 2017 13:24:08 +0200},
  biburl    = {http://dblp.org/rec/bib/journals/cma/CantinBBE16},
  bibsource = {dblp computer science bibliography, http://dblp.org}
}


@article {can-16-ver,
    AUTHOR = {Cantin, Pierre and Ern, Alexandre},
     TITLE = {Vertex-based compatible discrete operator schemes on
              polyhedral meshes for advection-diffusion equations},
   JOURNAL = {Comput. Methods Appl. Math.},
  FJOURNAL = {Computational Methods in Applied Mathematics},
    VOLUME = {16},
      YEAR = {2016},
    NUMBER = {2},
     PAGES = {187--212},
      ISSN = {1609-4840},
   MRCLASS = {65N08 (65N12 65N15 76Rxx)},
  MRNUMBER = {3483612},
MRREVIEWER = {Christoph Erath},
       DOI = {10.1515/cmam-2016-0007},
       URL = {http://dx.doi.org/10.1515/cmam-2016-0007},
}

@article {carr1999,
    AUTHOR = {Carrillo, J.},
     TITLE = {Entropy solutions for nonlinear degenerate problems},
   JOURNAL = {Arch. Ration. Mech. Anal.},
    VOLUME = {147},
      YEAR = {1999},
    NUMBER = {4},
     PAGES = {269--361}
}

@ARTICLE{cat-92-ima,
    AUTHOR = {Catt{\'e}, Francine and Lions, Pierre-Louis and Morel,
              Jean-Michel and Coll, Tomeu},
     TITLE = {Image selective smoothing and edge detection by nonlinear
              diffusion},
   JOURNAL = {SIAM J. Numer. Anal.},
  FJOURNAL = {SIAM Journal on Numerical Analysis},
    VOLUME = {29},
      YEAR = {1992},
    NUMBER = {1},
     PAGES = {182--193},
      ISSN = {0036-1429},
     CODEN = {SJNAAM},
   MRCLASS = {94A12 (35K55 68U10 93D05)},
  MRNUMBER = {1149092 (93a:94005)},
       DOI = {10.1137/0729012},
       URL = {http://dx.doi.org/10.1137/0729012},
}

@article {cha-07-por,
    AUTHOR = {Chainais-Hillairet, C. and Droniou, J.},
     TITLE = {Convergence analysis of a mixed finite volume scheme for an elliptic-parabolic system modeling miscible fluid flows in porous media},
   JOURNAL = {SIAM J. Numer. Anal.},
  FJOURNAL = {SIAM Journal on Numerical Analysis},
    VOLUME = {45},
      YEAR = {2007},
    NUMBER = {5},
     PAGES = {2228-2258},
}

@article {cha-15-ddf,
    AUTHOR = {Chainais-Hillairet, Claire and Krell, Stella and Mouton,
              Alexandre},
     TITLE = {Convergence analysis of a {DDFV} scheme for a system
              describing miscible fluid flows in porous media},
   JOURNAL = {Numer. Methods Partial Differential Equations},
  FJOURNAL = {Numerical Methods for Partial Differential Equations. An
              International Journal},
    VOLUME = {31},
      YEAR = {2015},
    NUMBER = {3},
     PAGES = {723--760},
      ISSN = {0749-159X},
   MRCLASS = {65N08 (76S05)},
  MRNUMBER = {3332290},
       DOI = {10.1002/num.21913},
       URL = {http://dx.doi.org/10.1002/num.21913},
}


@article {jungel2,
    AUTHOR = {Chen, Xiuqing and J{\"u}ngel, Ansgar and Liu, Jian-Guo},
     TITLE = {A note on {A}ubin-{L}ions-{D}ubinski\u\i\ lemmas},
   JOURNAL = {Acta Appl. Math.},
  FJOURNAL = {Acta Applicandae Mathematicae. An International Survey Journal
              on Applying Mathematics and Mathematical Applications},
    VOLUME = {133},
      YEAR = {2014},
     PAGES = {33--43},
      ISSN = {0167-8019},
   MRCLASS = {46B50 (35A35)},
  MRNUMBER = {3255076},
       DOI = {10.1007/s10440-013-9858-8},
       URL = {https://dx-doi-org.fennec.u-pem.fr/10.1007/s10440-013-9858-8},
}

@ARTICLE{CVW,
author       = {Chen, Y. and  Vemuri, B.C. and  Wang, L.},
title        = {Image denoising and segmentation via nonlinear diffusion},
journal      = {Computers and Mathematics with Applications},
publisher    = {},
volume       = {39},
number       = {},
year         = {2000},
pages        = {131--149},
}

@unpublished{CDL17,
	TITLE={Convergence analysis of a family of {ELLAM} schemes for a fully coupled model of miscible displacement in porous media},
	AUTHOR={Cheng, Hanz Martin and Droniou, J\'er\^ome and Le, Kim-Ngan},
	URL={https://arxiv.org/abs/1710.01897},
	YEAR={2017},
	NOTE={Submitted. \texttt{https://arxiv.org/abs/1710.01897}},
}	


@incollection {ciarlet,
 AUTHOR = {Ciarlet, Philippe G.},
     TITLE = {The finite element method for elliptic problems},
      booktitle = {Studies in Mathematics and its Applications, Vol. 4},
 PUBLISHER = {North-Holland Publishing Co., Amsterdam-New York-Oxford},
      YEAR = {1978},
     PAGES = {xix+530},
      ISBN = {0-444-85028-7},
   MRCLASS = {65N30},
  MRNUMBER = {0520174},
MRREVIEWER = {Josef Nedoma},
}

@incollection {cia-91-fin,
    AUTHOR = {Ciarlet, P.G.},
     TITLE = {The Finite Element method},
 BOOKTITLE = {  Part I},
    SERIES = {Handbook of  Numerical Analysis, III},
     PAGES = { },
 PUBLISHER = {North-Holland},
 editor = {Ciarlet, P. G. and Lions, J.-L.},
   ADDRESS = {Amsterdam},
      YEAR = {1991},
  }

@article{clement:75,
	author={Cl\'ement, P.},
	year={1975},
	title={Approximation by finite element functions using local regularization},
	journal={RAIRO Anal. Num\'er.},
	volume={9},
	pages={77--84},
}

@article{cou-98-dis,
  author = {Coudi\`ere, Y. and Gallou\"et, T. and Herbin, R.},
  title = {Discrete {S}obolev {I}nequalities and {$L^p$} {E}rror {E}stimates for {A}pproximate {F}inite {V}olume {S}olutions
           of {C}onvection {D}iffusion {E}quations},
  journal = {Mathematical Modelling and Numerical Analysis},
  year = {1998},
  volume = {35},
  pages = {767--778}
}

@article{cou-10-dis,
  title={A 3D discrete duality finite volume method for nonlinear elliptic equations},
  author={Coudi{\`e}re, Y. and Hubert, F.},
  journal={SIAM Journal on Scientific Computing},
  volume={33},
  number={4},
  pages={1739--1764},
  year={2011},
  publisher={SIAM}
}

@incollection {cou-11-3d,
    AUTHOR = {Coudi{\`e}re, Y. and Hubert, F. and Manzini,
              G.},
     TITLE = {A {C}e{V}e{FE} {DDFV} scheme for discontinuous anisotropic
              permeability tensors},
 BOOKTITLE = {Finite volumes for complex applications {VI}},
    SERIES = {Springer Proc. Math.},
    VOLUME = {4},
     PAGES = {283--291},
 PUBLISHER = {Springer},
   ADDRESS = {Heidelberg},
      YEAR = {2011},
   MRCLASS = {76M12 (65N08 76S05)},
  MRNUMBER = {2815648},
       DOI = {10.1007/978-3-642-20671-9_30},
       URL = {http://dx.doi.org/10.1007/978-3-642-20671-9_30},
}

@article {cou-99-con,
    AUTHOR = {Coudi{\`e}re, Y. and Vila, J.-P. and Villedieu, Ph.},
     TITLE = {Convergence rate of a finite volume scheme for a
              two-dimensional convection-diffusion problem},
   JOURNAL = {M2AN Math. Model. Numer. Anal.},
  FJOURNAL = {M2AN. Mathematical Modelling and Numerical Analysis},
    VOLUME = {33},
      YEAR = {1999},
    NUMBER = {3},
     PAGES = {493--516},
      ISSN = {0764-583X},
   MRCLASS = {65M12 (65M70)},
  MRNUMBER = {MR1713235 (2000f:65086)},
MRREVIEWER = {Martin Stynes} 
}

@article {crouzeix-raviart-73,
    AUTHOR = {Crouzeix, M. and Raviart, P.-A.},
     TITLE = {Conforming and nonconforming finite element methods for
              solving the stationary {S}tokes equations. {I}},
   JOURNAL = {Rev. Fran{\c c}aise Automat. Informat. Recherche
              Op{\'e}rationnelle S{\'e}r. Rouge},
    VOLUME = {7},
      YEAR = {1973},
    NUMBER = {R-3},
     PAGES = {33--75},
}

@book {deimling,
    AUTHOR = {Deimling, K.},
     TITLE = {Nonlinear functional analysis},
 PUBLISHER = {Springer-Verlag},
   ADDRESS = {Berlin},
      YEAR = {1985},
     PAGES = {xiv+450},
      ISBN = {3-540-13928-1},
   MRCLASS = {47-01 (47Hxx 55M25 58-01 58Cxx)},
  MRNUMBER = {MR787404 (86j:47001)},
MRREVIEWER = {Joachim Naumann},
}

@article{DD16,
AUTHOR = {Di Pietro, Daniele A. and Droniou, J\'er\^ome},
	TITLE = {{$W^{s,p}$}-approximation properties of elliptic projectors on
		      polynomial spaces, with application to the error analysis of a
		      {H}ybrid {H}igh-{O}rder discretisation of {L}eray--{L}ions
		      problems},
	JOURNAL = {Math. Models Methods Appl. Sci.},
	FJOURNAL = {Mathematical Models and Methods in Applied Sciences},
	VOLUME = {27},
	YEAR = {2017},
	NUMBER = {5},
	PAGES = {879--908},
	ISSN = {0218-2025},
	MRCLASS = {65N08 (65N12 65N30)},
	MRNUMBER = {3636615},
	 DOI = {10.1142/S0218202517500191},
	URL={https://arxiv.org/abs/1606.02832},
}


@article{pietro-droniou,
	TITLE = {A {H}ybrid {H}igh-{O}rder method for {L}eray--{L}ions elliptic
equations on general meshes},
	AUTHOR = {Di Pietro, Daniele A. and Droniou, J\'er\^ome},
	YEAR = {2017},
  JOURNAL = {Math. Comp.},
	VOLUME = {86},
	NUMBER = {307},
  FJOURNAL = {Mathematics of Computation},
	PAGES = {2159--2191},
	DOI={10.1090/mcom/3180},
	URL={http://arxiv.org/abs/1508.01918},
}

@article{DDM:17,
	TITLE={Discontinuous Skeletal Gradient Discretisation Methods on polytopal meshes},
	AUTHOR={Di Pietro, Daniele A. and Droniou, J\'er\^ome and Manzini, Gianmarco},
	JOURNAL={J. Comput. Phys.},
	YEAR={2017},
	PAGES={},
	NOTE={To appear. DOI: 10.1016/j.jcp.2017.11.018},
	DOI={10.1016/j.jcp.2017.11.018},
	URL={https://arxiv.org/abs/1706.09683},
}

@article {dip2010disc,
    AUTHOR = {Di Pietro, Daniele A. and Ern, Alexandre},
     TITLE = {Discrete functional analysis tools for discontinuous
              {G}alerkin methods with application to the incompressible
              {N}avier-{S}tokes equations},
   JOURNAL = {Math. Comp.},
  FJOURNAL = {Mathematics of Computation},
    VOLUME = {79},
      YEAR = {2010},
    NUMBER = {271},
     PAGES = {1303--1330},
      ISSN = {0025-5718},
     CODEN = {MCMPAF},
   MRCLASS = {65N30 (35Q30 46E39 46N20 65N12 76D05)},
  MRNUMBER = {2629994},
MRREVIEWER = {Mario Ohlberger},
       DOI = {10.1090/S0025-5718-10-02333-1},
       URL = {https://dx-doi-org.fennec.u-pem.fr/10.1090/S0025-5718-10-02333-1},
}
@book {dip2012math,
    AUTHOR = {Di Pietro, Daniele Antonio and Ern, Alexandre},
     TITLE = {Mathematical aspects of discontinuous {G}alerkin methods},
    SERIES = {Math\'ematiques \& Applications (Berlin) [Mathematics \&
              Applications]},
    VOLUME = {69},
 PUBLISHER = {Springer, Heidelberg},
      YEAR = {2012},
     PAGES = {xviii+384},
      ISBN = {978-3-642-22979-4},
   MRCLASS = {65-02 (35A35 35F15 35J25 35Q35 65M60 65N30)},
  MRNUMBER = {2882148},
MRREVIEWER = {R{\'e}mi Vaillancourt},
       DOI = {10.1007/978-3-642-22980-0},
       URL = {https://dx-doi-org.fennec.u-pem.fr/10.1007/978-3-642-22980-0},
}

@Article{HHO,
  author	= {Di Pietro, D. A. and Ern, A. and Lemaire, S.},
  title		= {An arbitrary-order and compact-stencil discretization of
		  diffusion on general meshes based on local reconstruction
		  operators},
  journal	= {Comput. Meth. Appl. Math.},
  volume	= {14},
  number	= {4},
  pages		= {461--472},
  year		= {2014}
}

@book {die-1977-vect,
    AUTHOR = {Diestel, J. and Uhl, Jr., J. J.},
     TITLE = {Vector measures},
      NOTE = {With a foreword by B. J. Pettis,
              Mathematical Surveys, No. 15},
 PUBLISHER = {American Mathematical Society, Providence, R.I.},
      YEAR = {1977},
     PAGES = {xiii+322},
   MRCLASS = {28A45 (46G10 46B05)},
  MRNUMBER = {0453964},
MRREVIEWER = {Robert E. Huff},
}

@article {dom-05-fin,
    AUTHOR = {Domelevo, K. and Omnes, P.},
     TITLE = {A finite volume method for the {L}aplace equation on almost
              arbitrary two-dimensional grids},
   JOURNAL = {M2AN Math. Model. Numer. Anal.},
  FJOURNAL = {M2AN. Mathematical Modelling and Numerical Analysis},
    VOLUME = {39},
      YEAR = {2005},
    NUMBER = {6},
     PAGES = {1203--1249},
      ISSN = {0764-583X},
   MRCLASS = {65N06 (35J05 65N30)},
  MRNUMBER = {MR2195910 (2006j:65312)},
MRREVIEWER = {Natesan Srinivasan},
}

@article {drb-07-con,
    AUTHOR = {Drbl{\'{\i}}kov{\'a}, Olga and Mikula, Karol},
     TITLE = {Convergence analysis of finite volume scheme for nonlinear
              tensor anisotropic diffusion in image processing},
   JOURNAL = {SIAM J. Numer. Anal.},
  FJOURNAL = {SIAM Journal on Numerical Analysis},
    VOLUME = {46},
      YEAR = {2007/08},
    NUMBER = {1},
     PAGES = {37--60},
      ISSN = {0036-1429},
   MRCLASS = {65M06 (35K20 94A08)},
  MRNUMBER = {2377254 (2009a:65199)},
MRREVIEWER = {David A. Voss},
       DOI = {10.1137/070685038},
       URL = {http://dx.doi.org/10.1137/070685038},
}

@article {jungel1,
    AUTHOR = {Dreher, Michael and J{\"u}ngel, Ansgar},
     TITLE = {Compact families of piecewise constant functions in {$L^p(0,T;B)$}},
   JOURNAL = {Nonlinear Anal.},
  FJOURNAL = {Nonlinear Analysis. Theory, Methods \& Applications. An
              International Multidisciplinary Journal. Series A: Theory and
              Methods},
    VOLUME = {75},
      YEAR = {2012},
    NUMBER = {6},
     PAGES = {3072--3077},
      ISSN = {0362-546X},
     CODEN = {NOANDD},
   MRCLASS = {46B50 (35A15 35A35)},
  MRNUMBER = {2890969},
MRREVIEWER = {Narcisse Randrianantoanina},
       DOI = {10.1016/j.na.2011.12.004},
       URL = {https://dx-doi-org.fennec.u-pem.fr/10.1016/j.na.2011.12.004},
}

@unpublished{DRO01,
AUTHOR={Droniou, J.},
title={Int\'egration et Espaces de Sobolev \`a Valeurs Vectorielles},
pages={71 p.},
note={Polycopi\'es de l'Ecole Doctorale de Maths-Info de Marseille.
\texttt{https://hal.archives-ouvertes.fr/hal-01382368}},
year={2001},
}


@article{dro-06-ll,
  title={Finite volume schemes for fully non-linear elliptic equations in divergence form},
  author={Droniou, J.},
  journal={ESAIM: Mathematical Modelling and Numerical Analysis},
  volume={40},
  number={6},
  pages={1069--1100},
  year={2006}
}

@article{review,
	author={Droniou, J.},
	title={Finite volume schemes for diffusion equations: introduction to and review of modern methods},
	journal={Math. Models Methods Appl. Sci. (M3AS)},
	volume={24},
	year={2014},
	number={8},
	pages={1575--1619},
	note={Special issue on Recent Techniques for {PDE} Discretizations on Polyhedral Meshes},
  DOI = {10.1142/S0218202514400041},
}

@article {dro-06-mix,
    AUTHOR = {Droniou, J. and Eymard, R.},
     TITLE = {A mixed finite volume scheme for anisotropic diffusion  problems on any grid},
   JOURNAL = {Numer. Math.},
  FJOURNAL = {Numerische Mathematik},
    VOLUME = {105},
      YEAR = {2006},
    NUMBER = {1},
     PAGES = {35--71},
      ISSN = {0029-599X},
     CODEN = {NUMMA7},
   MRCLASS = {65N06},
  MRNUMBER = {MR2257385},
}

@article{dro-08-stu,
  title={Study of the mixed finite volume method for {S}tokes and {N}avier-{S}tokes equations},
  author={Droniou, J. and Eymard, R.},
  journal={Numerical methods for partial differential equations},
  volume={25},
  number={1},
  pages={137--171},
  year={2009},
  publisher={Wiley Online Library}
}

@article {DE15,
    AUTHOR = {Droniou, J{\'e}r{\^o}me and Eymard, Robert},
     TITLE = {Uniform-in-time convergence of numerical methods for non-linear degenerate parabolic equations},
   JOURNAL = {Numer. Math.},
    VOLUME = {132},
      YEAR = {2016},
    NUMBER = {4},
     PAGES = {721--766},
		DOI={10.1007/s00211-015-0733-6},
}

@incollection {fvca8-agdm,
	keywords={proc,toappear},
    AUTHOR = {Droniou, J{\'e}r{\^o}me and Eymard, Robert},
     TITLE = {The asymmetric gradient discretisation method},
 BOOKTITLE = {Finite volumes for complex applications. {VIII}. (Lille, 2017)},
    SERIES = {Springer Proc. Math. Stat.},
    VOLUME = {},
     PAGES = {},
 PUBLISHER = {Springer, Cham},
      YEAR = {2017},
}
@article{DEF14,
    AUTHOR = {Droniou, J{\'e}r{\^o}me and Eymard, Robert and Feron, Pierre},
     TITLE = {Gradient {S}chemes for {S}tokes problem},
   JOURNAL = {{IMA} J. Numer. Anal.},
    VOLUME = {36},
      YEAR = {2016},
    NUMBER = {4},
     PAGES = {1636--1669},
		DOI={10.1093/imanum/drv061},
}

@article {dro-10-uni,
    AUTHOR = {Droniou, J{\'e}r{\^o}me and Eymard, Robert and Gallou{\"e}t,
              Thierry and Herbin, Rapha{\`e}le},
     TITLE = {A unified approach to mimetic finite difference, hybrid finite
              volume and mixed finite volume methods},
   JOURNAL = {Math. Models Methods Appl. Sci.},
  FJOURNAL = {Mathematical Models \& Methods in Applied Sciences},
    VOLUME = {20},
      YEAR = {2010},
    NUMBER = {2},
     PAGES = {265--295},
      ISSN = {0218-2025},
   MRCLASS = {65N06 (65N08 65N12)},
  MRNUMBER = {2649153},
MRREVIEWER = {Enrico Bertolazzi},
       DOI = {10.1142/S0218202510004222},
       URL = {http://dx.doi.org/10.1142/S0218202510004222},}

@article {dro-12-gra,
    AUTHOR = {Droniou, J{\'e}r{\^o}me and Eymard, Robert and Gallou{\"e}t,
              Thierry and Herbin, Rapha{\`e}le},
     TITLE = {Gradient schemes: a generic framework for the discretisation of
linear, nonlinear and nonlocal elliptic and parabolic equations},
  JOURNAL = {Math. Models Methods Appl. Sci. (M3AS)},
  FJOURNAL = {Mathematical Models \& Methods in Applied Sciences},
   YEAR = {2013},
      VOLUME  = {23},
      NUMBER  = {13},
      PAGES = {2395--2432},
}

@article{DEH15,
	AUTHOR = {Droniou, J{\'e}r{\^o}me and Eymard, Robert and Herbin, Rapha\`ele},
     TITLE = {Gradient schemes: generic tools for the numerical analysis of diffusion equations},
   JOURNAL = {{M2AN} Math. Model. Numer. Anal.},
    VOLUME = {50},
      YEAR = {2016},
    NUMBER = {3},
     PAGES = {749--781},
		note={Special issue -- Polyhedral discretization for PDE},
		DOI={10.1051/m2an/2015079},
}

@article{DET15,
	TITLE = {Convergence in {$C([0;T];L^2(\Omega))$} of weak solutions to perturbed doubly degenerate parabolic equations},
	AUTHOR = {Droniou, J\'er\^ome and Eymard, Robert and Talbot, Kyle S.},
	YEAR = {2016},
	JOURNAL = {J. Differential Equations},
	volume = {260},
	number	=	{11},
	pages={7821--7860},
	DOI={10.1016/j.jde.2016.02.004},
  URL = {http://dx.doi.org/10.1016/j.jde.2016.02.004},
}

@article{DL14,
    AUTHOR = {Droniou, J{\'e}r{\^o}me and Lamichhane, Bishnu P.},
     TITLE = {Gradient schemes for linear and non-linear elasticity
              equations},
   JOURNAL = {Numer. {M}ath.},
  FJOURNAL = {Numerische Mathematik},
    VOLUME = {129},
      YEAR = {2015},
    NUMBER = {2},
     PAGES = {251--277},
      ISSN = {0029-599X},
   MRCLASS = {65N30 (65N12 65N15 74B05 74B20)},
  MRNUMBER = {3300420},
MRREVIEWER = {Ignacio Romero},
       DOI = {10.1007/s00211-014-0636-y},
       URL = {http://dx.doi.org/10.1007/s00211-014-0636-y},
}

@article{DN16,
	TITLE = {Improved {$L^2$} estimate for gradient schemes and super-convergence of the TPFA finite volume scheme},
	AUTHOR = {Droniou, J\'er\^ome and Nataraj, Neela},
  JOURNAL = {IMA J. Numer. Anal.},
  FJOURNAL = {IMA Journal of Numerical Analysis},
	YEAR = {2017},
	NOTE={To appear, DOI: 10.1093/imanum/drx028},
	PAGES={40p},
	DOI={10.1093/imanum/drx028},
	URL={https://arxiv.org/abs/1602.07359},
}

@incollection{boffi2008mixed,
  title={Mixed finite elements},
  booktitle={Mixed finite elements, compatibility conditions, and applications: lectures given at the CIME Summer School held in Cetraro, Italy, June 26-July 1, 2006},
  author={Dur{\'a}n, R.G},
  editor={Boffi, D and Gastaldi,L.},
  series={Lecture Notes in Mathematics},
 volume={1939},
  pages={1--44},
 year={2008},
  publisher={Springer}
}

@book {ekeland-temam,
    AUTHOR = {Ekeland, Ivar and T{\'e}mam, Roger},
     TITLE = {Convex analysis and variational problems},
    SERIES = {Classics in Applied Mathematics},
    VOLUME = {28},
   EDITION = {English},
      NOTE = {Translated from the French},
 PUBLISHER = {Society for Industrial and Applied Mathematics (SIAM)},
   ADDRESS = {Philadelphia, PA},
      YEAR = {1999},
     PAGES = {xiv+402},
}

@article {eps2007estim,
    AUTHOR = {Epshteyn, Yekaterina and Rivi{\`e}re, B{\'e}atrice},
     TITLE = {Estimation of penalty parameters for symmetric interior
              penalty {G}alerkin methods},
   JOURNAL = {J. Comput. Appl. Math.},
  FJOURNAL = {Journal of Computational and Applied Mathematics},
    VOLUME = {206},
      YEAR = {2007},
    NUMBER = {2},
     PAGES = {843--872},
      ISSN = {0377-0427},
     CODEN = {JCAMDI},
   MRCLASS = {65N30},
  MRNUMBER = {2333718},
MRREVIEWER = {Snorre H. Christiansen},
}



@book{ern2004theory,
  title={Theory and practice of finite elements},
  author={Ern, Alexandre and Guermond, Jean-Luc},
  volume={159},
  year={2004},
  publisher={Springer}
}

@article{ErnGuermond:quasi-interp,
author = {Ern, Alexandre and Guermond, Jean-Luc},
	title = {Finite element quasi-interpolation and best approximation},
	DOI= "10.1051/m2an/2016066",
	url= "https://doi.org/10.1051/m2an/2016066",
	journal = {ESAIM: M2AN},
	year = 2017,
	volume = 51,
	number = 4,
	pages = "1367-1385",
url={https://arxiv.org/abs/1505.06931},
}

@article{ern-16-moll,
  author = {Ern, Alexandre and Guermond, Jean-Luc},
  title     = {Mollification in Strongly Lipschitz Domains with Application to Continuous
               and Discrete De Rham Complexes},
  journal   = {Comput. Meth. in Appl. Math.},
  volume    = {16},
  number    = {1},
  pages     = {51--75},
  year      = {2016},
  url       = {http://www.degruyter.com/view/j/cmam.2016.16.issue-1/cmam-2015-0034/cmam-2015-0034.xml},
  timestamp = {Tue, 08 Mar 2016 15:43:41 +0100},
  biburl    = {http://dblp.org/rec/bib/journals/cmam/ErnG16},
  bibsource = {dblp computer science bibliography, http://dblp.org}
}

@book{ern2017fem,
  title={Finite elements methods, updated version},
  author={Ern, Alexandre and Guermond, Jean-Luc},
  volume={ },
  year={to be published in 2017},
  publisher={Springer}
}

@book {EV10,
    AUTHOR = {Evans, Lawrence C.},
     TITLE = {Partial differential equations},
    SERIES = {Graduate Studies in Mathematics},
    VOLUME = {19},
   EDITION = {Second},
 PUBLISHER = {American Mathematical Society, Providence, RI},
      YEAR = {2010},
     PAGES = {xxii+749},
      ISBN = {978-0-8218-4974-3},
   MRCLASS = {35-01},
  MRNUMBER = {2597943},
MRREVIEWER = {Diego M. Maldonado},
       DOI = {10.1090/gsm/019},
       URL = {http://dx.doi.org/10.1090/gsm/019},
}
@ARTICLE{ES,
author       = {L.~C.~Evans and  J.~Spruck},
title        = {Motion of level sets by mean curvature {I}},
journal      = {J. Differential Geometry},
publisher    = {},
volume       = {33},
number       = {},
year         = {1991},
pages        = {635--681},
}

@article{EF15,
author = "Robert Eymard and Pierre Feron and Cindy Guichard",
title = "Family of convergent numerical schemes for the incompressible {N}avier--{S}tokes equations",
journal = "Mathematics and Computers in Simulation",
volume = "144",
number = "Supplement C",
pages = "196--218",
year = "2018",
issn = "0378--4754",
doi = "https://doi.org/10.1016/j.matcom.2017.08.003",
url = "http://www.sciencedirect.com/science/article/pii/S0378475417303142",
}


@incollection {book,
    AUTHOR = {Eymard, R. and Gallou{\"e}t, T. and Herbin, R.},
     TITLE = {Finite volume methods},
 BOOKTITLE = {Techniques of Scientific Computing, Part III},
    SERIES = {Handbook of  Numerical Analysis, VII},
     PAGES = {713--1020},
 PUBLISHER = {North-Holland},
 editor = {Ciarlet, P. G. and Lions, J.-L.},
   ADDRESS = {Amsterdam},
      YEAR = {2000},
   MRCLASS = {65M60 (65N30)},
  MRNUMBER = {MR1804748 (2002e:65138)},
MRREVIEWER = {Do Young Kwak},
}

@article {cras2004,
    AUTHOR = {Eymard, Robert and Gallou\"et, Thierry and Herbin, Rapha\`ele},
     TITLE = {A finite volume scheme for anisotropic diffusion problems},
   JOURNAL = {C. R. Math. Acad. Sci. Paris},
  FJOURNAL = {Comptes Rendus Math\'ematique. Acad\'emie des Sciences. Paris},
    VOLUME = {339},
      YEAR = {2004},
    NUMBER = {4},
     PAGES = {299--302},
      ISSN = {1631-073X},
   MRCLASS = {65N06},
  MRNUMBER = {2092017},
       DOI = {10.1016/j.crma.2004.05.023},
       URL = {http://dx.doi.org/10.1016/j.crma.2004.05.023},
}

%vf100
@article {eym-06-cel,
    AUTHOR = {Eymard, R. and Gallou{\"e}t, T. and Herbin, R.},
     TITLE = {A cell-centered finite-volume approximation for anisotropic
              diffusion operators on unstructured meshes in any space
              dimension},
   JOURNAL = {IMA J. Numer. Anal.},
  FJOURNAL = {IMA Journal of Numerical Analysis},
    VOLUME = {26},
      YEAR = {2006},
    NUMBER = {2},
     PAGES = {326--353},
      ISSN = {0272-4979},
     CODEN = {IJNADN},
   MRCLASS = {65N06 (76M12 76R99)},
  MRNUMBER = {MR2218636},
}

@article{eym-07-new,
author={Eymard, R. and Gallou{\"e}t, T. and Herbin, R.},
title={A new finite volume scheme for anisotropic diffusion problems on general
    grids: convergence analysis.},
language={English},
journal={C. R., Math., Acad. Sci. Paris },
volume={344},
number={6},
pages={403-406},
year={2007},
classmath={*65-99 (Numerical analysis)}
}

@article{eym-09-cel,   
author       = {Eymard, R.  and Gallou\"et, T.  and Herbin, R.},
title        = {Cell centred discretization  of fully non linear elliptic problems on general multidimensional  polyhedral grids},
year         = {2009},
   JOURNAL = {J. Numer. Math.},
  FJOURNAL = {Journal of Numerical Mathematics},
    VOLUME = {17},
     NUMBER = {3},
     PAGES = {173--193},
      ISSN = {1570-2820},
      DOI = {10.1515/JNUM.2009.010}
}


@article{sushi, 
    AUTHOR = {Eymard, R. and Gallou{\"e}t, T. and Herbin, R.},
     TITLE = {Discretization of heterogeneous and anisotropic diffusion
              problems on general nonconforming meshes {SUSHI}: a scheme
              using stabilization and hybrid interfaces},
   JOURNAL = {IMA J. Numer. Anal.},
  FJOURNAL = {IMA Journal of Numerical Analysis},
    VOLUME = {30},
      YEAR = {2010},
    NUMBER = {4},
     PAGES = {1009--1043},
      ISSN = {0272-4979},
     CODEN = {IJNADN},
   MRCLASS = {65N08 (65N50)},
  MRNUMBER = {2727814},
       DOI = {10.1093/imanum/drn084},
       URL = {http://dx.doi.org/10.1093/imanum/drn084},
}
@incollection {eym-11-benvag,
    AUTHOR = {Eymard, R. and Guichard, C. and Herbin, R.},
     TITLE = {Benchmark 3{D}: the {VAG} scheme},
 BOOKTITLE = {Finite volumes for complex applications. {VI}. {P}roblems \&
              perspectives. {V}olume 1, 2},
    SERIES = {Springer Proc. Math.},
    VOLUME = {4},
     PAGES = {1013--1022},
 PUBLISHER = {Springer},
   ADDRESS = {Heidelberg},
      YEAR = {2011},
   MRCLASS = {65M08 (65M12 76M12 76S05)},
  MRNUMBER = {2815638},
       DOI = {10.1007/978-3-642-20671-9_20},
       URL = {http://dx.doi.org/10.1007/978-3-642-20671-9_20},
}
	


@unpublished{eym-17-dggd,
  TITLE = {{Discontinuous Galerkin gradient discretisations for the approximation of second-order differential operators in divergence form}},
  AUTHOR = {Eymard, Robert and Guichard, Cindy},
  URL = {https://hal.archives-ouvertes.fr/hal-01535147},
  NOTE = {working paper or preprint},
  YEAR = {2017},
  MONTH = Nov,
  KEYWORDS = {Gradient Discretisation method ; Discontinuous Galerkin method ; Symmetric Interior Penalty Galerkin scheme ; discrete functional analysis ; polytopal meshes},
  PDF = {https://hal.archives-ouvertes.fr/hal-01535147/file/dggd_rev.pdf},
  HAL_ID = {hal-01535147},
  HAL_VERSION = {v2},
}

@article {eym-12-sma,
    AUTHOR = {Eymard, Robert and Guichard, Cindy and Herbin, Rapha{\`e}le},
     TITLE = {Small-stencil 3D schemes for diffusive flows in porous media},
   JOURNAL = {M2AN},
  FJOURNAL = {ESAIM: Mathematical Modelling and Numerical Analysis},
    VOLUME = {46},
      YEAR = {2012},
    NUMBER = {},
     PAGES = {265--290},
}

@incollection {VAGcanum,
    AUTHOR = {Eymard, Robert and Guichard, Cindy and Herbin, Rapha{\`e}le
              and Masson, Roland},
     TITLE = {Vertex centred discretization of two-phase {D}arcy flows on
              general meshes},
 BOOKTITLE = {Congr\`es {N}ational de {M}ath\'ematiques {A}ppliqu\'ees et
              {I}ndustrielles},
    SERIES = {ESAIM Proc.},
    VOLUME = {35},
     PAGES = {59--78},
 PUBLISHER = {EDP Sci., Les Ulis},
      YEAR = {2011},
}

@article{VAG-compGeo,
year={2012},
issn={1420-0597},
journal={Computational Geosciences},
doi={10.1007/s10596-012-9299-x},
title={Vertex-centred discretization of multiphase compositional Darcy flows on general meshes},
url={http://dx.doi.org/10.1007/s10596-012-9299-x},
publisher={Springer Netherlands},
keywords={Compositional multiphase Darcy flow; Finite volume; Finite element; General meshes; Heterogeneous anisotropic media},
author={Eymard, Robert and Guichard, Cindy and Herbin, Raphaele and Masson, Roland},
pages={1-19},
language={English}
}

@ARTICLE{zamm2013,
AUTHOR = {Eymard, Robert and Guichard, Cindy and Herbin, Rapha{\`e}le
              and Masson, Roland},
     TITLE = {Gradient schemes for two-phase flow in heterogeneous porous
              media and {R}ichards equation},
   JOURNAL = {ZAMM Z. Angew. Math. Mech.},
  FJOURNAL = {ZAMM. Zeitschrift f\"ur Angewandte Mathematik und Mechanik.
              Journal of Applied Mathematics and Mechanics},
    VOLUME = {94},
      YEAR = {2014},
    NUMBER = {7-8},
     PAGES = {560--585},
      ISSN = {0044-2267},
   MRCLASS = {65M60 (74F10 76S05)},
  MRNUMBER = {3230270},
MRREVIEWER = {Julia Novo},
       DOI = {10.1002/zamm.201200206},
       URL = {http://dx.doi.org/10.1002/zamm.201200206},
}

@article {EHHMS15,
    AUTHOR = {Eymard, Robert and Handlovi\v{c}ov\'a, Angela and Herbin, Rapha\`ele
              and Mikula, Karol and Sta\v{s}ov\'a, Olga},
     TITLE = {Applications of approximate gradient schemes for nonlinear
              parabolic equations},
   JOURNAL = {Appl. Math.},
  FJOURNAL = {Applications of Mathematics},
    VOLUME = {60},
      YEAR = {2015},
    NUMBER = {2},
     PAGES = {135--156},
      ISSN = {0862-7940},
   MRCLASS = {65M08 (35K59 65M12)},
  MRNUMBER = {3320342},
MRREVIEWER = {Jean-Pierre Croisille},
       DOI = {10.1007/s10492-015-0088-4},
       URL = {http://dx.doi.org/10.1007/s10492-015-0088-4},
}
@inproceedings{3Dbench,
		title = {3D Benchmark on Discretization Schemes for Anisotropic Diffusion Problems on General Grids},
	booktitle = {Proceedings of Finite Volumes for Complex Applications VI},
	year = {2011},
	pages = {895--930},
	publisher = {Springer},
	organization = {Springer},
	address = {Praha},
	url = {http://hal.archives-ouvertes.fr/docs/00/58/05/49/PDF/bench3d_hal.pdf},
	author = {Eymard, R. and Henry, G. and Herbin, R. and F. Hubert and Klofkorn, R. and Manzini, G.},
}

@article {fai-92-con,
    AUTHOR = {Faille, I.},
     TITLE = {A control volume method to solve an elliptic equation on a
              two-dimensional irregular mesh},
   JOURNAL = {Comput. Methods Appl. Mech. Engrg.},
  FJOURNAL = {Computer Methods in Applied Mechanics and Engineering},
    VOLUME = {100},
      YEAR = {1992},
    NUMBER = {2},
     PAGES = {275--290},
      ISSN = {0045-7825},
     CODEN = {CMMECC},
   MRCLASS = {65N06 (65N12 65N30)},
  MRNUMBER = {MR1187634 (93j:65167)},
MRREVIEWER = {Bernd Heinrich},
       DOI = {10.1016/0045-7825(92)90186-N},
       URL = {http://dx.doi.org/10.1016/0045-7825(92)90186-N},
}


@article {filbet2006patlak,
    AUTHOR = {Filbet, Francis},
     TITLE = {A finite volume scheme for the {P}atlak-{K}eller-{S}egel
              chemotaxis model},
   JOURNAL = {Numer. Math.},
  FJOURNAL = {Numerische Mathematik},
    VOLUME = {104},
      YEAR = {2006},
    NUMBER = {4},
     PAGES = {457--488},
      ISSN = {0029-599X},
     CODEN = {NUMMA7},
   MRCLASS = {92B05 (35B45 65M06 76M12)},
  MRNUMBER = {2249674},
MRREVIEWER = {Gabriela Marinoschi},
       DOI = {10.1007/s00211-006-0024-3},
       URL = {http://dx.doi.org/10.1007/s00211-006-0024-3},
}

%poly m2 gallouet:cel-01196782
@unpublished{polym2-gh,
  TITLE = {{Partial differential equations}},
  AUTHOR = {Gallou{\"e}t, Thierry and Herbin, Raphaele},
  URL = {https://hal.archives-ouvertes.fr/cel-01196782},
  NOTE = {Master course, \texttt{https://hal.archives-ouvertes.fr/cel-01196782}},
  TYPE = {Master},
  ADDRESS = {France},
  YEAR = {2015},
  MONTH = Sep,
  PDF = {https://hal.archives-ouvertes.fr/cel-01196782/file/M2edp.pdf},
  HAL_ID = {cel-01196782},
  HAL_VERSION = {v1},
}

%mac incomp
@article{ghlm-17-macns,
  TITLE = {{Convergence of the MAC scheme for the incompressible {N}avier--{S}tokes equations}},
  AUTHOR = {Gallou{\"e}t, Thierry and Herbin, Raphaele and Latch{\'e}, J.-C and Mallem, K.},
  JOURNAL = {{Foundations of Computational Mathematics}},
  PUBLISHER = {{Springer Verlag}},
  PAGES = {1-41},
  YEAR = {2016},
  DOI = {10.1007/s10208-016-9338-4},
  PDF = {https://hal.archives-ouvertes.fr/hal-01189014/file/ns-final-corr.pdf},
  HAL_ID = {hal-01189014},
  HAL_VERSION = {v4},
}

@article{gal-12-com,
  title={Compactness of discrete approximate solutions to parabolic PDEs -- Application to a turbulence model},
  author={Gallou{\"e}t, T. and Latch{\'e}, JC},
  journal={Commun. Pure Appl. Anal},
  volume  = {12},
  year={2012},
  pages={2371--2391},
number={6}
}
@article {gli-10-sob,
    AUTHOR = {Glitzky, Annegret and Griepentrog, Jens A.},
     TITLE = {Discrete {S}obolev-{P}oincar\'e inequalities for {V}oronoi
              finite volume approximations},
   JOURNAL = {SIAM J. Numer. Anal.},
  FJOURNAL = {SIAM Journal on Numerical Analysis},
    VOLUME = {48},
      YEAR = {2010},
    NUMBER = {1},
     PAGES = {372--391},
      ISSN = {0036-1429},
   MRCLASS = {65N08 (31B10 46E35)},
  MRNUMBER = {2644368},
       DOI = {10.1137/09076502X},
       URL = {http://dx.doi.org/10.1137/09076502X},
}

@incollection {gli-11-sob,
    AUTHOR = {Glitzky, Annegret and Griepentrog, Jens A.},
     TITLE = {On discrete {S}obolev-{P}oincar\'e inequalities for {V}oronoi
              finite volume approximations},
 BOOKTITLE = {Finite volumes for complex applications {VI}. {P}roblems \&
              perspectives. {V}olume 1, 2},
    SERIES = {Springer Proc. Math.},
    VOLUME = {4},
     PAGES = {533--541},
 PUBLISHER = {Springer, Heidelberg},
      YEAR = {2011},
   MRCLASS = {65N08 (31B10 46E39)},
  MRNUMBER = {2882330},
       DOI = {10.1007/978-3-642-20671-9_56},
       URL = {http://dx.doi.org/10.1007/978-3-642-20671-9_56},
}

@article {ghp97, 
AUTHOR = {Guedda, M. and Hilhorst, D. and Peletier, M. A.}, 
TITLE = {Disappearing interfaces in nonlinear diffusion}, 
JOURNAL = {Adv. Math. Sci. Appl.}, 
VOLUME = {7}, 
YEAR = {1997}, 
NUMBER = {2}, 
PAGES = {695--710}
}


@book{had23,
  title={Lectures on {Cauchy's} Problem in Linear Partial Differential Equations},
  author={Hadamard, J.},
  year={1923},
  publisher={Dover Phoenix, New York, NY, USA}
}

@article {hans2003disc,
    AUTHOR = {Hansbo, Peter and Larson, Mats G.},
     TITLE = {Discontinuous {G}alerkin and the {C}rouzeix-{R}aviart element:
              application to elasticity},
   JOURNAL = {M2AN Math. Model. Numer. Anal.},
  FJOURNAL = {M2AN. Mathematical Modelling and Numerical Analysis},
    VOLUME = {37},
      YEAR = {2003},
    NUMBER = {1},
     PAGES = {63--72},
      ISSN = {0764-583X},
   MRCLASS = {65N30 (65N15 74G15 74S05)},
  MRNUMBER = {1972650},
MRREVIEWER = {Ji\v r\'\i  Nedoma},
       DOI = {10.1051/m2an:2003020},
       URL = {http://dx.doi.org/10.1051/m2an:2003020},
}
@article {her-95-err,
    AUTHOR = {Herbin, R.},
     TITLE = {An error estimate for a finite volume scheme for a diffusion-convection problem on a triangular mesh},
   JOURNAL = {Numer. Methods Partial Differential Equations},
  FJOURNAL = {Numerical Methods for Partial Differential Equations. An International Journal},
    VOLUME = {11},
      YEAR = {1995},
    NUMBER = {2},
     PAGES = {165--173},
      ISSN = {0749-159X},
   MRCLASS = {65N30 (65N15)},
  MRNUMBER = {MR1316144 (96a:65165)},
MRREVIEWER = {Dietmar Kr{\"o}ner},
}

@incollection {2Dbench,
    AUTHOR = {Herbin, Rapha\`ele and Hubert, Florence},
     TITLE = {Benchmark on discretization schemes for anisotropic diffusion
              problems on general grids},
 BOOKTITLE = {Finite volumes for complex applications {V}},
     PAGES = {659--692},
 PUBLISHER = {ISTE, London},
     YEAR = {2008},
   MRCLASS = {65N06 (65N30)},
  MRNUMBER = {2451465},
}

@article {her-98-met,
    AUTHOR = {Hermeline, Fran{\c{c}}ois},
     TITLE = {Une m\'ethode de volumes finis pour les \'equations
              elliptiques du second ordre},
   JOURNAL = {C. R. Acad. Sci. Paris S\'er. I Math.},
  FJOURNAL = {Comptes Rendus de l'Acad\'emie des Sciences. S\'erie I.
              Math\'ematique},
    VOLUME = {326},
      YEAR = {1998},
    NUMBER = {12},
     PAGES = {1433--1436},
      ISSN = {0764-4442},
     CODEN = {CASMEI},
   MRCLASS = {65N06 (65N30)},
  MRNUMBER = {1649188 (99h:65181)},
       DOI = {10.1016/S0764-4442(98)80406-0},
       URL = {http://dx.doi.org/10.1016/S0764-4442(98)80406-0},
}

@article {her-00-fin,
    AUTHOR = {Hermeline, F.},
     TITLE = {A finite volume method for the approximation of diffusion
              operators on distorted meshes},
   JOURNAL = {J. Comput. Phys.},
  FJOURNAL = {Journal of Computational Physics},
    VOLUME = {160},
      YEAR = {2000},
    NUMBER = {2},
     PAGES = {481--499},
      ISSN = {0021-9991},
     CODEN = {JCTPAH},
   MRCLASS = {76M12 (65N30)},
  MRNUMBER = {1763823 (2001a:76101)},
       DOI = {10.1006/jcph.2000.6466},
       URL = {http://dx.doi.org/10.1006/jcph.2000.6466},
}


@article {her-03-app,
    AUTHOR = {Hermeline, F.},
     TITLE = {Approximation of diffusion operators with discontinuous tensor
              coefficients on distorted meshes},
   JOURNAL = {Comput. Methods Appl. Mech. Engrg.},
  FJOURNAL = {Computer Methods in Applied Mechanics and Engineering},
    VOLUME = {192},
      YEAR = {2003},
    NUMBER = {16-18},
     PAGES = {1939--1959},
      ISSN = {0045-7825},
     CODEN = {CMMECC},
   MRCLASS = {65N06 (76M12)},
  MRNUMBER = {MR1980752 (2004d:65121)},
}

@article{her-07-app,
  title={Approximation of 2-D and 3-D diffusion operators with variable full tensor coefficients on arbitrary meshes},
  author={Hermeline, F.},
  journal={Computer methods in applied mechanics and engineering},
  volume={196},
  number={21},
  pages={2497--2526},
  year={2007},
  publisher={Elsevier}
}

@incollection {her-08-num,
    AUTHOR = {Hermeline, F.},
     TITLE = {Numerical experiments with the {DDFV} method},
 BOOKTITLE = {Finite volumes for complex applications {V}},
     PAGES = {851--863},
 PUBLISHER = {ISTE, London},
      YEAR = {2008},
   MRCLASS = {65N06},
  MRNUMBER = {MR2451478},
}

@article{her-09-fin,
  title={A finite volume method for approximating 3D diffusion operators on general meshes},
  author={Hermeline, F.},
  journal={Journal of computational Physics},
  volume={228},
  number={16},
  pages={5763--5786},
  year={2009},
  publisher={Elsevier}
}

@Article{Jaffre:84,
 author       = {Jaffr{\'e}, J.},
 title        = {D{\'e}centrage et {\'e}l{\'e}ments finis mixtes pour les {\'e}quations de diffusion-convection},
 journal      = {Calcolo},
 volume       = {21},
 pages        = {171--197},
 year         = {1984}
}


@Inbook{Kato1995,
author="Kato, Tosio",
title="Introduction to the theory of operators in Banach spaces",
bookTitle="Perturbation Theory for Linear Operators",
year="1995",
publisher="Springer Berlin Heidelberg",
address="Berlin, Heidelberg",
pages="126--188",
isbn="978-3-642-66282-9",
doi="10.1007/978-3-642-66282-9_3",
url="http://dx.doi.org/10.1007/978-3-642-66282-9_3"
}

@phdthesis{phdlemaire,
	author	=	{Lemaire, S.},
	title	=	{Discr\'etisations non-conformes d'un mod\`ele porom\'ecanique sur maillages g\'en\'eraux},
	school	=	{University of Paris-Est Marne-la-Vall\'ee},
	year	=	{2012},
	note	=	{[oai:tel.archives-ouvertes.fr:tel-00957292] -- http://tel.archives-ouvertes.fr/tel-00957292},
}

@article{ler-65-res,
  title={Quelques r{\'e}sultats de {V}i\v sik sur les probl{\`e}mes elliptiques non lin{\'e}aires par les m{\'e}thodes de {M}inty-{B}rowder},
  author={{L}eray, J. and {L}ions, JL},
  volume={93},
  journal={Bull. Soc. Math. France},
  pages={97--107},
  year={1965},
}


@Article{Lipnikov-Manzini:2014,
    AUTHOR = {Lipnikov, K. and Manzini, G.},
     TITLE = {A high-order mimetic method on unstructured polyhedral meshes
              for the diffusion equation},
   JOURNAL = {J. Comput. Phys.},
  FJOURNAL = {Journal of Computational Physics},
    VOLUME = {272},
      YEAR = {2014},
     PAGES = {360--385},
      ISSN = {0021-9991},
   MRCLASS = {65N08 (35J25)},
  MRNUMBER = {3212277},
MRREVIEWER = {Ivan C. Christov},
       DOI = {10.1016/j.jcp.2014.04.021},
       URL = {http://dx.doi.org/10.1016/j.jcp.2014.04.021},
}


@article{mfdrev,
  author  = {Lipnikov, K. and Manzini, G. and Shashkov, M.},
  title={Mimetic finite difference method},
  		journal	=	{J. Comput. Phys.},
	volume={257-Part B},
	pages={1163-1227},
	year={2014},
}

@article {lip-loc-09,
    AUTHOR = {Lipnikov, Konstantin and Shashkov, Mikhail and Yotov, Ivan},
     TITLE = {Local flux mimetic finite difference methods},
   JOURNAL = {Numer. Math.},
  FJOURNAL = {Numerische Mathematik},
    VOLUME = {112},
      YEAR = {2009},
    NUMBER = {1},
     PAGES = {115--152},
      ISSN = {0029-599X},
     CODEN = {NUMMA7},
   MRCLASS = {65Nxx},
  MRNUMBER = {MR2481532},
}


@article{LSG,
	author	=	{Liska, R. and Shashkov, M. and Ganzha, V.},
	title	=	{Analysis and optimization of inner products for
mimetic finite difference methods on triangular grid},
	journal = {Math. Comput. Simu.},
	volume	=	{67},
	year	=	{2004},
	pages	=	{55--66},
}

@article{min-63-mon,
  title={On a monotonicity method for the solution of non-linear equations in {B}anach spaces},
  author={Minty, G.J.},
  journal={Proceedings of the National Academy of Sciences of the United States of America},
  volume={50},
  number={6},
  pages={1038},
  year={1963},
  publisher={National Academy of Sciences}
}


@book {strang-fix,
    AUTHOR = {Strang, Gilbert and Fix, George},
     TITLE = {An analysis of the finite element method},
   EDITION = {Second},
 PUBLISHER = {Wellesley-Cambridge Press, Wellesley, MA},
      YEAR = {2008},
     PAGES = {x+402},
}
	

@incollection {str-72-var,
    AUTHOR = {Strang, Gilbert},
     TITLE = {Variational crimes in the finite element method},
 BOOKTITLE = {The mathematical foundations of the finite element method with
              applications to partial differential equations ({P}roc.
              {S}ympos., {U}niv. {M}aryland, {B}altimore, {M}d., 1972)},
     PAGES = {689--710},
 PUBLISHER = {Academic Press, New York},
      YEAR = {1972},
   MRCLASS = {65N30},
  MRNUMBER = {0413554},
MRREVIEWER = {Russell C. Thompson},
}

@book{temam-77,
  title={{N}avier--{S}tokes equations theory and numerical analysis},
  author={Temam, R.},
  PUBLISHER = {North-Holland},
  year={1977}
}

@book{temam1984theory,
    AUTHOR = {Temam, R.},
     TITLE = {{N}avier--{S}tokes equations},
    SERIES = {Studies in Mathematics and its Applications},
    VOLUME = {2},
   EDITION = {Third},
      NOTE = {Theory and numerical analysis,
              With an appendix by F. Thomasset},
 PUBLISHER = {North-Holland Publishing Co., Amsterdam},
      YEAR = {1984},
     PAGES = {xii+526},
}
 BibTeX | EndNote | ACM Ref

@book{Thomee-2006-GFEM,
 author = {Thom{\'e}e, Vidar},
 title = {Galerkin Finite Element Methods for Parabolic Problems (Springer Series in Computational Mathematics)},
 year = {2006},
 isbn = {3540331212},
 publisher = {Springer-Verlag New York, Inc.},
 address = {Secaucus, NJ, USA},
} 


@article{VeeserVerfurth2012Poincare,
author = {Veeser, Andreas and Verf\"urth, R\"udiger},
title = {Poincar\'e constants for finite element stars},
journal = {IMA Journal of Numerical Analysis},
volume = {32},
number = {1},
pages = {30--47},
year = {2012},
doi = {10.1093/imanum/drr011},
URL = { + http://dx.doi.org/10.1093/imanum/drr011},
eprint = {/oup/backfile/Content_public/Journal/imajna/32/1/10.1093/imanum/drr011/2/drr011.pdf}
}

@ARTICLE{wei-99-coh,
author       = {Weickert, Joachim},
title        = {Coherence-Enhancing Diffusion Filtering},
journal      = {International Journal of Computer Vision},
publisher    = { Kluwer Academic Publisher},
volume       = {31},
number       = {2/3},
year         = { 1999},
pages        = {111--127},
}}
